@misc{wang2019bert,
	title={BERT has a Mouth, and It Must Speak: BERT as a Markov Random Field Language Model}, 
	author={Alex Wang and Kyunghyun Cho},
	year={2019},
	eprint={1902.04094},
	archivePrefix={arXiv},
	primaryClass={cs.CL}
}